3172 4538
162 274 217 343 ao
619 244 796 339 aaut)
810 246 959 341 Atto

156 398 287 513 buia.
356 402 473 505 Huc
505 396 881 541 pertinentludi,
916 395 1124 524 theatra,
1150 398 1441 547 spectacula,

155 610 268 719 que
285 569 408 677 vidit
430 572 630 692 Gracia,
650 571 772 679 vidit
792 570 935 679 Italia
1003 580 1113 682 Nec
1128 574 1220 680 alia
1238 574 1302 680 de
1322 610 1439 684 cau·

60 868 68 885 ,
155 757 269 867 sain
290 756 560 900 Olympico
584 758 885 865 decertatum
911 756 1098 880 stadio,
1132 763 1437 867 &arenant-

160 934 233 1041 bis
251 934 466 1043 Romuli.
534 932 826 1051 Cometdiae,
851 933 1127 1083 Ttagoediae
1169 932 1243 1041 ob
1276 932 1434 1073 finem

47 1196 53 1207 -
154 1118 263 1225 sunt
285 1121 497 1228 cundem
524 1145 540 1233 t
575 1149 630 1224 ut
647 1119 686 1224 a'
705 1116 851 1225 rebus
884 1124 1009 1227 seriis
1035 1121 1259 1263 tantisper
1286 1154 1434 1229 revo-

156 1342 329 1419 centur
349 1306 409 1413 ad
429 1303 621 1413 labores
640 1304 850 1410 redituri.
919 1303 1057 1435 Quid
1086 1303 1289 1421 muita?
1317 1310 1434 1411 Poa-

154 1498 236 1608 sot
258 1499 307 1603 in
323 1488 538 1601 cavernis
579 1520 715 1595 tetra
743 1483 921 1629 lapides
950 1462 1208 1608 cadendoss
1234 1485 1434 1595 metulla

154 1677 381 1792 fetendo,
398 1672 460 1776 ad
481 1672 615 1816 ignca
636 1697 895 1808 perpetuos
913 1667 1160 1791 sudando,
1197 1670 1316 1813 quia
1344 1664 1434 1773 aii·

157 1895 230 1967 ter
245 1896 352 1968 non
371 1855 519 1971 lieet,
557 1856 782 1962 canendo
802 1852 984 1962 mulcet
1009 1856 1275 1981 laborum,
1300 1854 1432 1981 ‘aliua

152 2083 261 2155 non
277 2040 526 2151 toleranda
544 2040 696 2148 taedia
762 2046 981 2148 Tantum
1002 2040 1166 2189 itaque
1186 2040 1329 2159 abest,
1368 2068 1431 2145 ut

154 2228 294 2337 filioli
319 2226 389 2334 sui
412 2231 519 2336 istas
538 2229 738 2375 ineptias
766 2226 997 2375 pingendi
1032 2224 1430 2371 aedificandique,

156 2416 233 2525 vel
253 2414 410 2523 verbo
430 2417 679 2564 castigaret
702 2418 915 2563 prudens
946 2448 1105 2561 pater,
1143 2449 1201 2524 ut
1230 2414 1428 2525 mirare·

154 2627 234 2703 tut
259 2595 425 2739 potius
453 2598 704 2747 ingenium
742 2599 793 2705 in
829 2636 965 2707 nova
984 2598 1208 2743 quotidie
1234 2598 1432 2740 excogi-

152 2778 311 2887 tando
328 2813 654 2929 occupatum,
682 2778 999 2893 subdubitans
1018 2780 1138 2909 fere,
1160 2786 1222 2893 ad
1233 2780 1427 2893 Mathe·

154 2954 299 3079 smne,
331 2996 394 3067 an
410 2961 472 3070 ad
489 2962 642 3071 studia
661 2958 966 3105 Theologica
993 2966 1133 3104 pusio
1167 2967 1245 3075 ille
1270 2960 1430 3113 magis

154 3176 412 3284 raperetur.
478 3156 640 3260 Latus
663 3156 869 3272 interim,
897 3188 1002 3261 non
1014 3150 1076 3257 ad
1092 3152 1264 3258 rastros
1280 3150 1429 3296 perti·

153 3358 268 3433 nere
286 3330 410 3439 ultra
434 3337 678 3447 tendentia
703 3336 985 3460 molimina,
1018 3335 1233 3443 melioris
1263 3334 1426 3442 statim
1482 3410 1488 3417 -

154 3505 264 3613 vita
284 3523 526 3662 praeceptis
546 3560 662 3633 eum
687 3523 800 3636 fecit
816 3520 1000 3650 imbui,
1020 3522 1121 3663 stve
1140 3518 1281 3631 dumi
1308 3521 1423 3647 suae,

151 3680 774 3821 iiveinSchulaArofiensu
1444 3688 1459 3715 ”

1297 3836 1431 3947 Heic
1457 3882 1473 3891 ··
