3172 4538
15 384 21 391 .
151 342 184 420 4
594 304 936 397 invenem

152 455 371 609 probari,
394 452 520 563 male
541 490 623 563 me
639 453 812 575 habet,
837 494 996 603 qvum
1019 454 1238 571 videatur
1264 458 1429 570 dicen:

154 642 205 748 di
222 674 295 744 ars
310 637 506 744 inventa
524 640 613 743 elle
629 634 691 743 ad
727 635 913 762 laudes,
947 639 1158 765 adfesta,
1183 643 1427 767 victorias,

153 804 453 952 triumphos,
487 806 778 916 &humani
811 810 997 954 generis
1037 812 1247 937 delicias,
1285 816 1428 921 toties

154 978 277 1113 mihi
310 977 557 1084 funeribus
600 979 887 1087 mortalium
908 981 1293 1093 illacrimandum
1325 983 1429 1100 elle.

154 1166 234 1271 De
257 1170 358 1267 lato
383 1162 575 1282 lundis,
602 1167 655 1267 ὅ(
676 1198 839 1271 morte
861 1168 1137 1312 tempestive
1159 1173 1310 1317 magis
1333 1169 1427 1274 die-

155 1344 349 1462 sereret,
371 1383 396 1469 e
416 1344 598 1485 campis
627 1344 898 1458 Pharsalicis
917 1352 1066 1457 redux
1096 1351 1246 1457 miles.
1313 1361 1426 1463 Nos

3 1552 10 1565 ‘
155 1558 307 1640 certe,
328 1517 619 1667 quimitiori
643 1556 735 1626 nos
757 1524 1040 1631 tradidimus
1063 1521 1331 1664 discipline,
1353 1561 1430 1628 ex·

154 1704 476 1818 horrescimus
500 1713 756 1815 mortes&
778 1708 1030 1831 Libitinae,
1051 1744 1325 1851 parumque
1345 1707 1431 1815 ab·

153 1890 244 2007 est,
265 1888 386 2029 quin
411 1885 660 2005 credamus
692 1883 848 2025 pollui
870 1882 1037 1989 Suadae
1065 1883 1266 2025 templa,
1294 1884 1329 1988 fi
1355 1917 1429 1990 ta·

155 2070 575 2214 liumhquiequam
612 2070 662 2173 in
689 2106 742 2174 ea
772 2064 1079 2212 ingrediatur.
1144 2065 1216 2169 Fit
1242 2098 1430 2194 tamen,
1483 2034 1493 2049 ,

154 2241 439 2384 nescioquo
460 2240 583 2362 ξατο,
608 2271 663 2345 ut
680 2270 913 2382 tanquam
926 2237 976 2339 in
998 2231 1095 2338 sole
1118 2272 1176 2341 ae
1198 2234 1323 2353 luna,
1343 2277 1431 2379 per

157 2419 478 2529 neeeffitatem
511 2452 745 2523 motuum
768 2414 1057 2528 coelestium,
1082 2412 1291 2558 deliquia
1312 2452 1433 2574 con·

156 2612 297 2717 luetae
320 2631 548 2704 notamus
568 2599 711 2721 lueis,
749 2601 813 2703 ita
833 2601 886 2704 ὅ(
907 2595 1221 2740 eloquentiae,
1245 2630 1330 2734 per
1354 2633 1430 2700 ea·

159 2776 233 2883 sus
259 2818 558 2929 magnorum
587 2782 832 2902 virorum,
861 2819 966 2885 non
999 2816 1110 2885 raro
1134 2771 1225 2879 ‘hae
1263 2767 1432 2884 obori-

160 2992 303 3105 antne
333 2954 575 3080 nubcs‚&
595 2954 810 3066 maeulae.
882 2956 976 3062 Sed
1001 2949 1205 3080 nollem,
1217 2947 1429 3069 nollem,

160 3171 195 3240 o
216 3140 384 3283 ELVl,
421 3172 504 3245 tua
537 3171 722 3259 morte,
761 3136 1031 3245 Academiae
1071 3124 1329 3273 Uplalienss
1363 3125 1431 3230 f·

102 3424 105 3429 ,
160 3321 292 3420 ceam
314 3312 529 3454 eclipsin,
568 3312 732 3415 adme
762 3310 946 3449 potius,
973 3346 1123 3453 quam
1150 3307 1268 3413 alios
1290 3305 1431 3447 perti·
1467 3384 1470 3391 ·

158 3526 287 3601 nere.
357 3489 461 3593 Fuit
480 3486 582 3592 hee
601 3486 796 3590 interim
818 3492 947 3607 Tua,
974 3487 1093 3591 dum
1115 3484 1321 3599 viveres,
1342 3519 1432 3589 vo·
1487 3508 1500 3637 ἰ·

158 3667 337 3793 luntas,
358 3701 414 3779 ut
434 3706 610 3782 eorum
634 3669 827 3814 aliquis,
849 3670 935 3812 qui
957 3664 1213 3780 diutiffime
1232 3703 1288 3776 ac
1309 3701 1428 3773 con·

1229 3834 1429 3979 junelisss
1487 3870 1500 3971 ξ
