3172 4538
254 266 308 353 ιε
567 332 572 345 ,
725 240 1064 335 LAUDAYIO
1178 282 1183 297 ·

255 390 441 505 vanum
458 387 609 515 fuisse,
646 387 907 501 arbitratus
936 393 1029 513 est,
1061 390 1114 496 in
1137 393 1431 534 conjedluris
1457 398 1531 503 vir

258 578 393 722 sagax
445 571 736 681 Retvicensrs
770 570 1064 715 Praeposrtus.
1133 570 1325 682 Scilicet
1376 570 1533 682 inerat

260 807 416 917 puero
433 767 531 873 oris
550 764 629 872 illa
642 765 756 886 dos,
775 762 904 875 clara
934 768 988 873 dc
1011 767 1233 875 distinsta
1260 764 1531 876 verborum

259 955 630 1106 pronunciatio,
653 954 805 1059 inerat
836 984 1077 1060 tonorum
1106 956 1345 1105 gravis&
1374 950 1532 1074 acuti,

259 1176 344 1283 per
361 1139 540 1276 septem
570 1128 747 1277 gradus
775 1128 1065 1239 adscendens
1096 1166 1182 1240 aut
1203 1132 1530 1251 descendens,

258 1325 433 1445 erroris
464 1355 659 1462 expers,
714 1319 908 1427 musicis
955 1320 1078 1427 inter
1117 1320 1392 1429 canendum
1440 1317 1531 1424 sre-

258 1536 414 1645 quens
433 1497 717 1643 periclitatio
737 1528 752 1614 t
772 1500 924 1606 inerat
942 1506 1204 1629 memoria,
1216 1512 1270 1613 dc
1289 1500 1530 1653 quicquid

259 1673 399 1785 intss'e
424 1675 677 1795 volumus,
717 1673 1025 1786 fiadsuissent
1053 1715 1161 1790 aetas
1205 1719 1263 1791 ac
1288 1678 1531 1789 eruditio,
1567 1788 1573 1797 ,

259 1910 351 2021 pro
375 1868 510 1975 sacris
530 1865 692 1970 rostris
713 1862 906 1970 fudturo
922 1862 1085 1973 verba.
1151 1877 1392 1981 Acunum
1413 1914 1532 2010 erar,

260 2085 348 2156 cur
379 2038 655 2183 fimpliciter
676 2037 766 2143 suis
790 2076 893 2143 non
924 2036 1095 2146 fideret
1113 2044 1238 2150 votis
1266 2080 1418 2189 pater:
1461 2062 1535 2168 vi.

257 2224 405 2332 'debat
433 2223 564 2330 enim
591 2228 783 2327 Petrum
817 2225 958 2326 suum
987 2220 1248 2333 sanctiores
1276 2226 1375 2334 illas
1423 2262 1533 2368 pre·

261 2443 401 2527 cum,
440 2403 826 2546 cautionumque
841 2399 967 2508 vices
984 2402 1227 2549 perpetuis
1251 2404 1348 2512 scre
1369 2403 1531 2509 distin·

258 2584 659 2741 guereoiskuris:
700 2582 860 2687 &ubi
885 2581 1057 2688 deesset
1086 2617 1236 2704 creta,
1261 2621 1359 2732 qua
1397 2582 1533 2690 lineis

215 2798 217 2803 ·
259 2768 310 2875 in
335 2761 467 2872 mille
487 2766 684 2877 sormas,
718 2764 772 2865 dc
802 2757 1010 2906 angulos
1044 2758 1203 2870 ductis
1231 2766 1530 2909 pavimenta,

261 2978 424 3088 portas
445 2945 499 3050 dc
518 2944 715 3088 parietes
749 2937 1014 3064 dealbaret,
1048 2939 1277 3092 ingenua
1300 2983 1532 3090 procum·

128 3164 131 3169 ’
261 3117 457 3227 bentem
489 3119 1047 3265 deprehendebat‚radio
1081 3119 1226 3232 orbes
1250 3123 1531 3254 describere,
1574 3180 1576 3185 ·

142 3357 149 3369 ·
191 3371 195 3379 -
260 3333 344 3405 aut
364 3299 498 3406 lance
517 3308 663 3416 sacta,
684 3302 880 3443 adjestis
898 3299 1069 3444 lapillis
1099 3301 1318 3448 pondera
1340 3344 1530 3456 aequare
1563 3396 1568 3403 .

260 3519 536 3604 arenarum,
568 3517 655 3590 aut
684 3486 833 3628 pede,
855 3485 1116 3595 numeratis
1135 3482 1547 3633 gressibusdocof

261 3701 373 3772 rum
395 3662 553 3800 metiri
568 3662 829 3784 intervalla,
879 3668 1024 3809 Opus
1042 3653 1302 3806 puerilium
1320 3664 1546 3799 occupa?

1339 3838 1539 3937 nonum·
