3172 4538
163 263 216 351 50
627 222 963 315 LAUDATIO

162 395 423 519 postremum
457 407 601 479 tamen
621 386 878 477 moeroribus
913 384 1147 475 succubuit.
1204 390 1336 483 Tunc
1365 424 1429 489 re·

66 544 73 557 ’
163 562 285 633 moto
305 543 418 657 quasi
440 538 632 641 caustum,
655 543 754 655 quia
772 534 896 639 nihil,
922 562 1034 651 egra
1051 556 1191 625 mente
1209 543 1254 627 in
1277 570 1429 663 corpo.

162 724 208 787 re
229 698 409 789 sanando
426 699 603 815 profecit
619 694 824 797 medicus,
861 690 914 780 ad
933 696 1204 807 pinguiorem
1225 696 1341 810 quasi
1357 692 1432 783 ad·

163 858 279 949 milia
302 857 464 975 palium
487 852 708 947 mortifera
726 850 857 959 tuliis,
873 852 1076 971 quicquid
1092 852 1346 969 pulmonum
1366 860 1431 947 lu·

162 1005 516 1127 permanendis.

284 1176 394 1285 Qiis
422 1170 617 1258 crederet
643 1166 865 1257 bominem
885 1171 1203 1261 confliilentem
1233 1198 1335 1261 cum
1361 1188 1432 1260 tot

24 1324 27 1331 ¹
56 1346 59 1353 '
159 1338 478 1430 difficultatibus
497 1362 587 1427 non
618 1340 661 1427 δι
680 1344 886 1453 privatas,
914 1342 955 1426 bc
973 1338 1165 1453 publicasss
1183 1366 1333 1429 rerum
1358 1358 1431 1431 cu·

159 1520 229 1584 ras
273 1488 565 1604 abjeilurum‚
592 1486 928 1605 omissurumque
969 1489 1100 1579 fuisse.
1160 1501 1217 1579 At
1264 1518 1355 1581 non
1383 1518 1428 1581 o·

158 1653 274 1741 mifit
299 1650 529 1747 Erillus,
558 1653 632 1761 qui
659 1646 741 1731 hoc
767 1644 982 1759 postremo
1011 1652 1109 1733 vita
1130 1648 1209 1733 suae
1234 1664 1428 1767 tempore

158 1808 402 1905 Academia
419 1800 579 1890 Reclor
602 1798 881 1915 Magnificus,
909 1808 965 1890 ita
981 1802 1348 1899 laboriosissimum
1362 1810 1428 1923 adr

158 1960 414 2057 ministravit
442 1978 628 2056 munus,
650 1973 738 2039 uta
759 1956 852 2038 viro
882 1970 1060 2065 vegeto,
1093 1958 1301 2075 nullisque
1337 1982 1431 2053 rur·

1 2184 5 2193 -
159 2120 260 2209 bato
278 2118 480 2203 aerumnis
492 2106 660 2219 ‚majori
675 2134 774 2194 cum
791 2103 990 2193 industria
1005 2114 1099 2222 geri
1118 2135 1205 2200 non
1221 2114 1433 2227 potuisset,

156 2292 203 2376 In
220 2310 271 2370 eo
289 2280 421 2369 solum
440 2272 512 2362 fibi
531 2292 620 2361 erat
643 2270 874 2371 diffimilis,
905 2270 1021 2384 quod
1043 2272 1195 2362 obtutu
1213 2278 1431 2385 severiori,

156 2459 287 2536 voce,
308 2460 402 2547 quae
423 2431 525 2517 olim
553 2446 671 2533 acuta
693 2432 735 2516 δι
761 2430 889 2533 clara,
920 2454 1035 2514 nunc
1060 2426 1204 2515 obtusa
1222 2434 1265 2517 bc
1281 2459 1426 2539 rauca,

156 2579 411 2700 quandoque
449 2583 575 2664 etiam
595 2582 640 2663 in
669 2574 960 2691 respondendo
985 2593 1202 2689 pungente
1231 2592 1426 2670 uteretur

155 2734 405 2823 laconismo.
463 2726 531 2811 Sic
553 2750 723 2841 quoque
740 2724 899 2811 Recior
929 2729 1129 2839 optimus.

301 2890 399 2977 Nos
429 2880 528 2972 inde
551 2898 716 3011 tamen,
747 2888 789 2970 δι
814 2888 857 2969 in
878 2880 967 2968 dies
1000 2886 1248 2997 augescente
1266 2894 1443 3011 virium,

154 3044 424 3151 infirmitate,
451 3040 713 3155 conjecimus
734 3044 821 3159 ipso
848 3058 963 3129 tanto
983 3042 1055 3128 sub
1081 3071 1211 3134 onere
1228 3048 1349 3141 illum
1373 3062 1428 3147 irl
1468 3128 1472 3153 ι

159 3194 393 3316 oppellum.
447 3196 506 3281 At
521 3194 632 3281 stetit
646 3192 697 3280 ad
713 3190 936 3296 finem,ita
956 3193 1186 3283 secundum
1204 3198 1427 3299 absolvens

156 3354 365 3445 circulum
382 3348 595 3456 laborum,
625 3356 667 3439 &
685 3349 901 3442 honorum
912 3357 1267 3449 Academicorum
1289 3372 1429 3455 omnir

156 3544 244 3605 um.
300 3510 498 3601 Tandem
528 3511 685 3603 relictis
709 3518 861 3607 nostra
892 3518 1135 3637 reipublice
1153 3523 1354 3637 habenis,
1384 3536 1427 3620 bc

8 3694 13 3701 ·
156 3666 201 3751 in
226 3663 388 3807 tabulas
412 3671 551 3767 relatis
574 3678 652 3782 iio,
679 3700 774 3791 quae
796 3674 889 3795 post
911 3658 1119 3791 mortem,
1150 3710 1286 3815 quam
1309 3642 1448 3809 nuno..

1294 3846 1431 3941 adello
