3172 4538
626 165 996 338 rumeins„
1051 257 1055 274 ,
1329 189 1332 192 ⁴
1396 162 1502 328 iss
1571 238 1577 245 ³

173 363 300 483 vim,
345 352 722 502 Metaphyfices,
746 405 749 411 ·
776 357 921 491 litqre
959 349 1171 468 carentes
1191 423 1194 440 -
1218 365 1448 474 Oceanos
1561 493 1569 512 „

160 540 424 688 ingrestum
447 537 589 683 quod
617 535 724 644 heic
742 521 989 682 primum,
1031 546 1085 648 δε
1103 542 1338 649 ultimum
1357 540 1447 669 est,
1544 531 1579 569 ⁸

173 717 369 835 DEum,
388 712 703 820 universitatis
720 720 1005 832 auctorem,
1028 706 1447 859 propterimmen·

173 878 358 988 sitatem
378 885 471 1000 rei,
505 876 640 990 totus
684 885 873 1028 stupens
908 887 1205 1005 intuebatur
1281 897 1454 1037 Atque

173 1065 430 1174 meditatus
447 1065 689 1173 infinitas·
675 1105 726 1171 m
760 1073 880 1175 Ente
902 1069 1100 1178 summo
1126 1072 1447 1215 perfectiones

173 1238 343 1363 unitis,
363 1215 505 1356 boni,
522 1239 644 1354 veri,
658 1241 837 1364 caussae,
859 1245 1106 1387 principii,
1132 1240 1491 1357 videbatnon'

171 1413 348 1554 specie,
378 1445 440 1520 ut
462 1384 741 1557 loqvuntur
775 1417 1115 1561 metaphysici,
1148 1457 1240 1528 nee
1258 1420 1466 1535 divem‘
1535 1478 1540 1483 ·

170 1598 478 1725 definitione,
514 1602 593 1707 sed
614 1599 800 1750 gradu,
822 1600 884 1708 ab
907 1603 1049 1744 ipfius
1067 1606 1178 1712 DEI
1200 1603 1445 1712 immenfis

168 1779 351 1884 attribu
353 1776 599 1900 tionibus,
638 1774 830 1885 differre
872 1779 1048 1893 dotes
1064 1808 1181 1887 cum
1228 1811 1447 1888 creatura
1554 1880 1556 1885 ,

168 1951 603 2079 communicatas:
637 1984 692 2059 ut
710 1956 893 2085 DEum
933 1984 1203 2081 creatorem
1226 1954 1278 2061 in
1301 1984 1365 2062 re
1388 1995 1478 2065 o·

167 2144 304 2290 mni,
346 2143 492 2252 etiam
522 2130 739 2250 riliffima
771 2144 970 2252 tandem
1013 2144 1235 2265 didicerit
1259 2145 1457 2288 conspi-¹

168 2368 277 2443 cere
293 2365 567 2477 optimum
584 2324 867 2434 maximum.
1005 2375 1008 2392 ·
1352 2394 1355 2398 2

140 2552 143 2563 ·
305 2513 384 2618 Est
401 2503 504 2614 haec
524 2542 636 2613 vera
655 2506 1024 2650 Metaphysrca‚
1043 2507 1210 2614 Canis
1194 2546 1281 2616 nn
1270 2507 1442 2645 Juve

167 2725 266 2810 nes,
287 2725 440 2832 quam
460 2683 605 2789 laetor
616 2684 811 2790 vestris
797 2685 1013 2829 imprimi
1044 2687 1216 2794 animis
1238 2680 1299 2790 ab
1329 2720 1442 2793 acu

167 2871 347 2979 tiffimo
378 2869 521 3009 hujus
531 2839 814 3026 Academiae
838 2874 1067 2978 Dodore
1088 2869 1456 3014 Metaphyfim,
1502 2940 1508 2949 -

166 3051 319 3198 quem
340 3047 551 3154 dicerem
574 3042 869 3171 maximum,
889 3048 975 3153 nifi
994 3051 1262 3154 Strucmus
1283 3023 1438 3167 Pater,
1539 3134 1543 3143 .

139 3210 500 3329 ‘Camenarum
538 3215 893 3360 Upsaliensrum
915 3224 1028 3323 Pro
1021 3186 1358 3324 Cancellarius
1396 3250 1441 3320 e·
1561 3226 1563 3231 ‘

163 3403 556 3519 minentiffimus,
593 3395 681 3506 sub
695 3435 824 3543 quo
836 3395 965 3504 hoc
952 3434 1004 3502 m
1032 3434 1211 3542 genere
1231 3390 1438 3538 protecit

113 3580 419 3702 ELVIUS,
438 3576 544 3779 filio
574 3577 708 3751 esset,
738 3567 990 3730 fuiffetque
1006 3579 1186 3755 major.
1255 3568 1438 3684 Noster
1567 3564 1581 3574 ”

384 3827 388 3833 -
760 3753 816 3858 D
1056 3827 1059 3831 -
1198 3746 1203 3757 '
1316 3773 1435 3850 vero
1518 3781 1523 3789 ·
