3172 4538
160 78 197 220 ε’
368 220 372 228 ,
607 120 947 215 cannatae

163 276 343 388 artium
364 269 737 391 distributiones,
757 310 820 380 an
845 275 1041 381 minora
1054 273 1298 413 primum,
1327 314 1429 386 ma·

64 522 69 531 ·
163 466 268 607 jora
288 459 449 566 dicam
470 454 669 579 deinde,
705 492 811 564 ana
842 459 1110 600 majoribus
1135 462 1194 568 ad
1234 463 1431 572 minora

51 621 56 633 ’
164 640 378 785 delapsus
403 642 683 793 inaequabili
703 639 929 775 varietate
941 676 1088 783 parva
1105 644 1308 789 magnis,
1337 641 1430 749 ob·

165 820 299 925 leura
316 813 559 937 dilucidis,
581 815 689 926 laeta
715 816 925 925 intexam
944 814 1172 936 tristibus.
1240 825 1432 953 Quam·

165 1031 362 1145 cunque
380 1030 543 1106 autem
565 1034 621 1107 cx
641 994 713 1104 his
735 996 967 1106 omnibus
994 997 1247 1146 ingrediar,
1284 1000 1332 1109 in
1347 1005 1429 1113 di·

167 1174 328 1321 eendo
361 1172 515 1289 viam,
552 1206 731 1323 magna
758 1170 803 1275 se
824 1167 945 1309 milii
965 1171 1431 1289 offettlaudatiffimi

168 1356 258 1467 viri
294 1351 569 1504 ingentium
607 1344 811 1458 laudum
843 1353 1057 1468 materia,
1118 1350 1248 1468 'Ellet
1282 1356 1431 1504 igitur

9 1613 12 1619 -
78 1625 90 1653 .
166 1532 389 1686 perinde,
416 1527 547 1635 unde
579 1525 867 1664 inciperem,
904 1523 1089 1631 nisime
1115 1526 1432 1652 admoneret,

52 1722 56 1731 ’
98 1752 107 1765 ‘
168 1744 278 1858 quat
297 1703 446 1852 ipsam
463 1698 680 1808 imitatur
715 1729 939 1805 naturam
971 1700 1259 1843 simplicitas,
1279 1741 1432 1849 quam

167 1884 367 2000 maximi
387 1885 572 2026 semper
588 1873 699 1984 fecit
721 1876 928 1993 Noster,
958 1876 1198 2024 fimulque
1228 1881 1431 1992 admira<

2 2049 52 2184 ’,
168 2059 276 2171 bilis
297 2028 585 2168 constantia,
612 2047 823 2160 inomni
842 2048 1019 2158 servata
1058 2050 1332 2195 proposito,
1369 2093 1434 2161 ne

91 2360 94 2365 ,
170 2238 248 2355 vel
267 2229 551 2343 tantilluma
568 2228 825 2345 communi
846 2227 924 2335 illa
939 2226 1200 2339 deflectens
1220 2230 1311 2355 via,
1326 2232 1432 2377 ipsi·

170 2458 228 2537 us
256 2441 440 2525 naturae
468 2407 714 2555 aetatisque
744 2405 955 2516 deseram
983 2407 1192 2556 vestigia.

129 2622 139 2641 ⁸
300 2607 374 2709 Ita
392 2631 513 2744 ergo
540 2589 874 2737 aDalekarlia,
912 2631 1022 2745 quae
1042 2588 1473 2722 ELVllSJomnis

170 2771 585 2916 bus,Nosstoque
602 2767 753 2875 vitam
779 2764 933 2887 dedit,
967 2766 1114 2874 nobis
1130 2769 1218 2922 erit
1235 2803 1432 2874 narran-

170 2957 221 3069 di
240 2942 545 3096 principium,
590 2937 777 3048 Scilicet
799 2972 855 3047 ut
881 2974 1088 3049 avorum
1104 2975 1434 3087 proavorum·

172 3165 270 3279 quc
299 3126 457 3276 gloria
491 3126 557 3235 est
591 3126 735 3233 etiam
768 3158 1043 3273 nepotum5
1079 3125 1143 3233 lie
1181 3122 1314 3229 bona
1343 3122 1432 3230 soli

171 3307 423 3425 domestici
445 3304 521 3412 his
541 3340 683 3413 erunt
699 3306 917 3452 proptia,
942 3300 1120 3452 quibus
1143 3341 1198 3413 ea
1218 3300 1432 3412 vindicat

173 3492 273 3604 sors
307 3486 403 3633 ipsa
420 3487 656 3617 nascendi.
723 3495 782 3597 Et
812 3525 974 3634 qvum
1013 3476 1310 3636 cogitamus,
1347 3516 1429 3593 aut

315 3707 317 3711 <
1110 3694 1113 3699 ¹
1260 3681 1429 3753 recon-
