3172 4538
14 206 17 211 ’
158 238 215 331 41
592 185 936 307 rnuu‘nrro

267 368 572 479 Cernebatur
589 406 723 478 nunc
741 404 944 515 quoqve
963 360 1358 509 majorquaedam
1376 364 1432 472 δι

158 557 256 668 sere
287 554 540 669 offendens
568 556 787 701 asperitas
822 552 998 662 vultus.
1064 534 1433 661 Subsidentibus

159 734 314 843 oculis
334 737 459 843 circa
475 734 748 880 palpebras,
764 728 1010 839 subducto
1040 732 1210 846 succo,
1231 723 1435 871 depressi

156 917 456 1029 notabantur
492 917 676 1036 orbest
711 904 972 1064 prudentes
1017 919 1256 1062 utrinque·
1289 946 1432 1061 genae

157 1108 257 1215 oris
279 1105 569 1219 minuebant
586 1106 759 1233 decus,
796 1108 1021 1255 interque
1043 1143 1185 1253 rugas
1211 1101 1430 1211 minores

157 1306 267 1412 duae
296 1300 545 1447 longiores
564 1296 700 1411 brevi
721 1297 1289 1444 interjecto'discrimine,
1325 1334 1434 1427 me·¹

18 1592 23 1601 .
157 1490 288 1599 diam
308 1490 522 1597 frontem
532 1490 736 1639 gemino
752 1483 976 1599 secabant
996 1485 1147 1615 sulco.
1211 1492 1433 1633 Acaprte

155 1673 355 1779 tandem
378 1672 440 1777 ad
460 1670 644 1777 calcem
663 1672 795 1779 idem
817 1671 1101 1780 descendens
1118 1666 1326 1791 malum,
1362 1696 1431 1775 et-

157 1856 255 1995 jam
293 1852 535 2000 reliquum
573 1849 801 1965 exurebat
826 1889 1027 1998 corpus,
1067 1852 1253 1999 ubique
1271 1846 1430 1997 magis

157 2027 379 2136 adstrista
409 2060 531 2139 cute.

293 2216 424 2317 Inter
459 2210 564 2321 hac
600 2213 937 2327 vehementior
961 2216 1091 2324 tullts
1122 2212 1453 2359 depascendo,

157 2380 418 2522 pulmones
429 2383 493 2488 ita
511 2420 594 2491 eos
616 2384 830 2507 laedebat,
851 2422 906 2497 ut
921 2388 1198 2499 vulneratos
1219 2385 1427 2494 nondu-

93 2614 99 2627 ·
157 2561 246 2671 biis
273 2564 616 2712 intelligeretur
644 2573 843 2691 indiciis
911 2580 1077 2723 Qare
1114 2567 1428 2680 medicorum

155 2743 348 2859 laudata
366 2749 472 2855 usus
504 2788 652 2894 opera
682 2754 820 2861 ulcus
846 2754 964 2878 illu]
986 2755 1195 2903 pectoris
1226 2792 1335 2860 non
1355 2756 1428 2865 in·

153 2920 352 3030 feliciter
367 2924 526 3035 sanare
543 2964 768 3073 coeperat,
793 2970 951 3078 qvum
969 2926 1139 3041 adulto
1159 2970 1267 3040 vere
1287 2932 1425 3078 supe·

154 3093 293 3201 rioris
314 3099 426 3205 anni
454 3102 814 3249 ingratissimus,
844 3109 1074 3254 idemque
1097 3110 1311 3217 funestus
1341 3108 1427 3216 ad·

154 3266 264 3376 esset
279 3272 506 3395 nuncius,
523 3280 786 3411 Jourunsu
807 3277 1020 3404 silium‚a
1039 3278 1316 3387 minoribus
1330 3268 1430 3391 illis

51 3512 54 3517 ·
151 3452 333 3563 militiae
355 3454 585 3601 gradibus
618 3463 680 3567 ad
696 3464 980 3608 ampliffima
998 3500 1207 3615 quaeque
1220 3469 1427 3581 tenden
1457 3552 1474 3593 ..

151 3665 265 3755 tem,
281 3635 468 3746 morbo
489 3646 712 3772 Gevaliae,
723 3645 810 3755 ubi
830 3679 950 3763 tunc
972 3652 1230 3767 (lationem
1246 3650 1456 3779 nactus-²·

149 3794 436 3929 versabatur,
461 3810 731 3995 tritinsium
754 3812 853 3927 else
1172 3872 1176 3881 ¹
1297 3820 1448 3953 Vim.
