3172 4538
155 270 216 362 a,
611 251 942 343 eauorrro

155 438 258 528 en,
294 430 465 548 praeter
482 402 573 513 alia
590 402 838 513 celebritas
859 404 1189 548 exequiarum,
1220 404 1428 517 solenni·

155 612 227 691 tas
245 578 389 726 hujus
405 584 522 708 diei,
542 589 597 692 ὅ(
613 584 819 691 affiduus
832 588 1028 693 testatur
1048 587 1221 697 luctus.

286 774 356 874 Ut
374 770 526 877 crevit
552 768 770 875 secundis
794 766 847 873 in
868 769 1044 912 nuptiis
1069 770 1260 877 Nostro
1280 768 1428 878 felici·

90 1004 95 1013 ·
153 975 224 1054 tas
242 942 444 1094 reliqua,
466 952 532 1055 ita
548 946 710 1091 proles
736 944 817 1052 illa
836 950 1125 1091 tergemina,
1156 956 1311 1055 Putuo
1338 950 1445 1055 ιιι(

152 1126 233 1226 ἂι
251 1122 316 1226 est
335 1118 463 1238 filio,
484 1119 681 1265 filiaque
713 1128 854 1225 Auru
883 1128 1092 1227 Maura:
1130 1158 1240 1264 quae
1271 1152 1324 1227 ut
1352 1153 1422 1229 te·

150 1295 278 1413 nella
300 1293 461 1402 adhuc
480 1298 578 1413 est,
610 1298 676 1403 ita
696 1303 874 1403 Puruus
895 1300 993 1405 fere
1031 1296 1256 1404 octennis
1276 1335 1418 1442 puer,

148 1507 205 1621 ut
223 1482 394 1587 ELVII
411 1480 641 1627 agnoscas
667 1478 854 1597 filium,
893 1482 947 1585 &
974 1480 1049 1591 avi
1069 1481 1279 1591 materni
1323 1488 1414 1615 &tf

146 1690 298 1761 nnana
335 1662 499 1763 Suom
529 1690 847 1815 nepotem,

277 1840 453 1943 Ludere
461 1870 548 1977 par
567 1846 733 1978 impar,
771 1847 965 1983 equitare
984 1853 1030 1945 in
1049 1847 1268 1949 arundine
1293 1844 1411 1983 longa

141 2016 300 2127 nescit
370 2024 574 2140 Contra,
592 2020 732 2163 quod
743 2016 917 2128 fecerat
933 2022 1123 2127 futurus
1142 2012 1413 2170 Μαύιςιιιι·

140 2195 266 2303 ticus
295 2226 453 2337 pater,
485 2192 662 2300 ceruffa
696 2191 905 2303 obviis
893 2232 945 2299 rn
975 2194 1151 2302 chartis
1193 2194 1410 2353 describit

140 2376 317 2491 rectas,
355 2363 601 2510 obliquas,
652 2365 1040 2485 decussatamn
989 2370 1406 2515 anquincuneem

41 2572 45 2579 ’
137 2560 340 2709 digestas
399 2554 607 2721 figuras,
658 2555 940 2705 multasque
990 2596 1155 2669 rerum
1208 2546 1405 2683 format,

133 2749 298 2891 Atque
348 2742 436 2852 ubi
474 2744 684 2863 otiatur,
709 2744 864 2853 oculis
899 2743 1235 2888 perlustrando
1277 2760 1403 2871 tecta,

1 2963 8 2992 ι
49 3010 53 3017 .
131 2958 341 3069 paternae
359 2924 564 3043 domus,
580 2922 715 3048 solis,
730 2923 883 3040 lunae,
918 2922 1406 3073 planetarumquero

130 3102 382 3247 liquorum
413 3108 538 3230 vias,
575 3102 645 3215 ibi
668 3106 759 3215 suis
785 3104 1018 3239 orbibus,
1055 3142 1112 3215 ac
1136 3106 1285 3249 cyclis
1322 3110 1401 3223 de·

72 3356 78 3369 .
129 3276 281 3421 pictas
311 3278 595 3421 speculatur
665 3279 1022 3424 Copernicum,
1082 3276 1400 3422 Tychonem,

125 3452 401 3591 Brahaeurn,
432 3452 728 3578 Hevclium,
760 3453 1047 3599 Keplerum,
1083 3485 1302 3599 quatuor
1316 3456 1409 3569 alla.
1452 3457 1454 3470 ’

124 3630 391 3739 restauratae
408 3627 673 3771 Mathefior
692 3627 943 3757 lumina,
929 3665 983 3737 ιιι
1006 3629 1184 3739 eodem
1193 3632 1394 3757 musaeo,

1185 3800 1392 3950 pictoris
1427 3828 1434 3929 ἒ
