3172 4538
154 222 206 324 ³8
255 204 258 209 ·
620 194 954 285 causatio

152 366 212 471 tis
229 351 485 469 omnibus,
505 348 621 494 ipsas
633 350 931 495 quafimusas
950 348 1085 457 lauto
1105 354 1294 499 excepit
1302 392 1424 503 cqu-

150 531 307 647 vivio,
349 562 504 672 qvum
545 522 701 661 ptius,
739 523 978 667 Apollinis
1006 526 1172 649 instat,
1205 526 1423 674 inhujus
1459 564 1461 571 '

150 706 251 817 loci
270 695 682 847 amphitheatrum
706 734 762 803 ex
791 698 950 805 media
968 703 1217 842 juventute
1237 708 1422 849 produ·

153 888 282 1002 siffet
322 889 451 995 viros
486 882 827 1030 quadraginta,
866 923 1048 1032 eosqve
1081 876 1420 999 eruditissimus

152 1058 473 1216 Philosophiae
512 1070 836 1194 Candidatus,
876 1108 1006 1216 quos
1049 1108 1141 1215 pro
1180 1072 1418 1180 concione

158 1252 381 1363 laudatos
426 1250 590 1372 lauro,
627 1250 844 1370 annulis,
882 1252 1165 1401 magnisqve
1210 1252 1418 1397 donatos

156 1428 449 1581 privilegiis,
487 1428 749 1577 Magistros
782 1430 838 1533 dc
868 1428 1118 1534 Doctores
1150 1422 1417 1537 liberalium
1458 1448 1461 1455 '

159 1644 496 1757 pronuntiavit
519 1645 710 1714 aruum.

228 1791 471 1945 Quintum
508 1796 774 1937 leutasoleni
793 1803 904 1901 inter
933 1801 1128 1903 viburna
1151 1794 1359 1939 cupresfi5
1395 1876 1403 1883 -

161 2014 353 2092 tantum
411 1978 622 2099 eminet,
677 1978 816 2117 supra
848 2011 1028 2081 munus
1076 1974 1420 2085 Academicum

161 2208 338 2284 omne,
376 2172 681 2276 Rectoruus.
748 2162 891 2269 lllum
917 2162 990 2269 bis
1022 2196 1199 2308 magna
1216 2162 1300 2269 sua
1318 2160 1448 2311 giu.

163 2355 232 2460 ria
252 2346 386 2497 gcffit
409 2347 603 2453 Noster.
670 2345 921 2481 Iustitiam,
936 2350 1235 2491 aequitatem,
1252 2341 1422 2451 huma·
1447 2336 1452 2345 ’

162 2546 388 2665 nitatem,
413 2576 504 2649 vos
527 2571 781 2685 quotquot
799 2538 977 2650 adestis,
1010 2547 1310 2659 Auuuouus,
1331 2546 1424 2647 EL-

165 2726 291 2833 VlO
328 2727 540 2842 redosc,
578 2727 630 2827 in
655 2722 760 2863 ipsas
797 2720 1092 2827 Academicis
1126 2716 1424 2867 conspexistis

164 2905 379 3019 fascibus.
444 2908 625 3013 Dicam
656 2902 890 3011 breviter:
926 2905 1060 3012 nulla
1083 2906 1172 3013 fuit
1192 2942 1275 3017 aut
1294 2914 1426 3037 vitae,

165 3112 250 3190 aut
263 3074 412 3187 officii
432 3116 564 3223 pars,
591 3080 642 3186 in
659 3117 758 3223 qua
777 3078 1065 3185 claudicaret
1081 3086 1325 3191 ELVIUS.

297 3266 432 3374 Idem
449 3266 555 3388 ille,
573 3300 629 3372 ut
650 3299 783 3373 totus
801 3263 1161 3387 vacaretrcbus,
1187 3309 1246 3383 ac
1267 3273 1429 3385 studiis

167 3442 505 3572 Academicis,
542 3484 634 3557 nec
662 3487 777 3560 cura
841 3455 1020 3560 domus
1067 3453 1176 3562 effet
1226 3424 1459 3601 impedi-4}

168 3650 340 3733 mento
365 3619 504 3742 vito,
530 3622 590 3729 ad
619 3653 695 3730 tot
711 3624 927 3769 publicas
949 3628 1279 3737 Camenarum
1306 3631 1423 3745 utili.
